@manual{Lit:label,
		author = "",
    title = "",
    organization = "",
    year = "",
    edition = "",
    url = "",
    lastchecked = "",
    note = ""}

@manual{Lit:ODE,
		author = "Russell Smith",
    title = "ODE - Open Dynamics Engine",
    organization = "",
    year = "",
    edition = "",
    url = "http://www.ode.org",
    lastchecked = "02.04.2009",
    note = ""}
    
@manual{Lit:PPU,
		author = "N.N.",
    title = "PhysX Accelerator Overview",
    organization = "Ageia Technologies Inc.",
    year = "2006"
		edition = "",
		url = "",
		lastchecked = "",
		note = ""}
		
@manual{Lit:Matlab,
		author = "N.N.",
    title = "Matlab - The Language of Technical Computing",
    organization = "MathWorks Inc.",
    year = "",
    edition = "",
    url = "http://www.mathworks.de/products/matlab/",
    lastchecked = "29.04.2009",
    note = ""}
		
@manual{Lit:Simulink,
		author = "N.N.",
    title = "Simulink - Simulation and Model-Based Design",
    organization = "MathWorks Inc.",
    year = "",
    edition = "",
    url = "http://www.mathworks.de/products/simulink",
    lastchecked = "29.04.2009",
    note = ""}
    
@manual{Lit:MatlabDokumentation,
		author = "N.N.",
    title = "Matlab OPC Toolbox User's Guide",
    organization = "MathWorks Inc.",
    year = "",
    edition = "",
    url = "",
    lastchecked = "",
    note = ""}
  
@manual{Lit:LabView,
		author = "N.N.",
    title = "LabVIEW - The Software That Powers Virtual Instrumentation",
    organization = "National Instruments Inc.",
    year = "",
    edition = "",
    url = "http://www.ni.com/labview",
    lastchecked = "28.04.2009",
    note = ""}      
        
@manual{Lit:OPAL,
		author = "N.N.",
    title = "OPAL - Open Physics Abstraction Layer",
    organization = "Soureceforge",
    year = "",
    edition = "",
    url = "http://opal.sourceforge.net",
    lastchecked = "02.04.2009",
    note = ""}
    
@manual{Lit:COLLADA,
		author = "N.N.",
    title = "COLLADA - Collaborative Design Activity",
    organization = "Khronos Group",
    year = "",
    edition = "",
    url = "http://www.collada.org",
    lastchecked = "02.04.2009",
    note = ""}  
          
@manual{Lit:OPCFoundation,
		author = "N.N.",
    title = "Dedicated to interoperability in automation",
    organization = "OPC Foundation",
    year = "",
    edition = "",
    url = "http://www.opcfoundation.org",
    lastchecked = "27.03.2009",
    note = ""}

@manual{Lit:OPCAscolab,
		author = "N.N.",
    title = "OPC Unified Architecture - Die neue Generation der Standardschnittstelle",
    organization = "Ascolab GmbH",
    year = "",
    edition = "",
    url = "http://www.ascolab.com/de/unified-architecture",
    lastchecked = "31.03.2009",
    note = ""}
    
@manual{Lit:PhysikEngineVergleich,
		author = "Axel Seugling and Martin R{\"o}lin",
    title = "Evaluation of Physics Engines and Implementation of a Physics Module in a 3d-Authoring Tool",
    organization = "Department of Computing Science, Ume{\aa} University, Sweden",
    year = "2006",
    edition = "",
    url = "",
    lastchecked = "",
    note = "Masterarbeit"}
        
@manual{Lit:OpenGL,
		author = "N.N.",
    title = "OpenGL - Open Graphics Library",
    organization = "Khronos Group",
    year = "",
    edition = "",
    url = "http://www.opengl.org",
    lastchecked = "17.03.2009",
    note = ""}    
        
@manual{Lit:SolidWorks,
		author = "N.N.",
    title = "SolidWorks - 3D-CAD-Konstruktionssoftware",
    organization = "Dassault Syst{\`e}mes SolidWorks Corporation",
    year = "",
    edition = "",
    url = "http://www.solidworks.de",
    lastchecked = "24.03.2009",
    note = ""}
    
@manual{Lit:SolidWorksCollada,
		author = "N.N.",
    title = "SolidWorks Labs - Collada Export",
    organization = "Dassault Syst{\`e}mes SolidWorks Corporation",
    year = "",
    edition = "",
    url = "http://labs.solidworks.com",
    lastchecked = "24.03.2009",
    note = ""}
    
@manual{Lit:CATIA,
		author = "N.N.",
    title = "CATIA - 3D Systems Shape Mechanical and Equipment Virtual Design",
    organization = "Dassault Syst{\`e}mes CATIA Corporation",
    year = "",
    edition = "",
    url = "http://www.3ds.com/products/catia/welcome",
    lastchecked = "29.04.2009",
    note = ""}
    
@manual{Lit:NvidiaPhysX,
		author = "N.N.",
    title = "PhysX Physik-Engine",
    organization = "Nvidia Corporation",
    year = "",
    edition = "",
    url = "http://www.nvidia.de/object/nvidia_physx_de.html",
    lastchecked = "19.02.2009",
    note = ""}
  
@manual{Lit:TUDresden,
		author = "Berthold Heinecke",
    title = "Simulation und Visualisierung von Fluiden und granularen Materialien mit PhysX",
    organization = "Technische Universit{\"a}t Dresden",
    year = "2008",
		edition = "",
    url = "",
    lastchecked = "",
    note = "Diplomarbeit"}
        
@manual{Lit:PhysXDoku,
		author = "N.N.",
    title = "PhysX SDK Dokumentation",
    organization = "Nvidia Coorporation",
    year = "",
    edition = "Version 2.8.1",
    url = "",
    lastchecked = "",
    note = ""}

@manual{Lit:Pfrogner,
		author = "Pfrogner",
    title = "Panda3D Projects",
    organization = "",
    year = "",
    edition = "", 
    url = "http://www.dachau.net/users/pfrogner",
    lastchecked = "12.01.2009",
    note = ""}
    
@manual{Lit:Pasimodo,
		author = "Florian Flei{\ss}ner",
    title = "Particle Simulation and Molecular Dynamics in an Object oriented fashion",
    organization = "Institut f{\"u}r Technische und Numerische Mechanik, Universit{\"a}t Stuttgart",
    year = "",
    edition = "",
    url = "http://www.itm.uni-stuttgart.de/research/pasimodo/pasimodo_de.php",
    lastchecked = "31.03.2009",
    note = ""}
    
@manual{Lit:USARSim,
		author = "N.N.",
    title = "Unified System for Automation and Robot Simulation",
    organization = "Sourcefourge",
    year = "",
    edition = "",
    url = "http://usarsim.sourceforge.net",
    lastchecked = "09.01.2009",
    note = ""}
    
@manual{Lit:MSRS,
		author = "N.N.",
    title = "Microsoft Robotics Studio",
    organization = "Microsoft Corporation",
    year = "",
    edition = "",
    url = "http://msdn.microsoft.com/en-us/robotics/default.aspx",
    lastchecked = "09.01.2009",
    note = ""}
        
@manual{Lit:DynamikVR,
		author = "J{\"u}rgen Ro{\ss}mann and Josef Jung",
    title = "Dynmaiksimulation f{\"u}r Virtuelle Welten: Erfahrungen, Anwendungen, Methoden",
    organization = "Rheinisch-Westf{\"a}lische Technische Hochschule Aachen",
    year = "2008",
    edition = "",
    url = "",
    lastchecked = "",
    note = ""}
    
@manual{Lit:PosBasedDyn,
		author = "Matthias M{\"u}ller and Bruno Heidelberger and John Ratcliff",
    title = "Position Based Dynamics",
    organization = "Ageia Technologies Inc.",
    year = "2006",
    edition = "",
    url = "",
    lastchecked = "",
    note = ""}
    
@manual{Lit:PAL,
		author = "N.N.",
    title = "PAL - Physics Abstraction Layer",
    organization = "Soureceforge",
    year = "",
    edition = "",
    url = "http://pal.sourceforge.net",
    lastchecked = "24.03.2009",
    note = ""}
    
@manual{Lit:OpcSofting,
		author = "N.N.",
    title = "OPC Toolbox",
    organization = "Softing",
    year = "",
    edition = "",
    url = "http://www.softing.com/home/de/industrial-automation/products/opc/toolkits.php?navanchor=3010172",
    lastchecked = "29.04.2009",
    note = ""}
    
@manual{Lit:CareObot,
		author = "N.N.",
    title = "Care-O-bot",
    organization = "Fraunhofer Institut f{\"u}r Produktionstechnik und Automatisierung, Institutszentrum Stuttgart",
    year = "",
    edition = "",
    url = "http://www.care-o-bot.de",
    lastchecked = "08.05.2009",
    note = ""}